Cuenta|Fecha De Operaci贸n|Fecha|Referencia|Descripci贸n|Cod. Transac|Sucursal|Dep贸sitos|Retiros|Saldo|Movimiento|Descripci贸n Detallada|Cheque
1254353649|01/11/2025|03/11/2025|0000000000|HSBC477096|003|5663|$159,500.00|$0.00|$8,291,320.23|3917|SPEI RECIBIDO, BCO:0021 HSBC                HR LIQ: 10:19:39, DEL CLIENTE MARIO ALBERTO  GARZA GONZALEZ, DE LA CLABE 021580063952444894   CON RFC GAGM860708ER7, CONCEPTO: Pago  sem 43 MG, REFERENCIA: 0000001 CVE RAST: HSBC477096
1254353649|03/11/2025|03/11/2025||SPEI 03112025|003|5663|$0.01|$0.00|$8,291,320.24|3918|COMPENSACION DESFASE SPEI, RASTREO :, 8846APR1202510314609513363
1254353649|03/11/2025|03/11/2025||SPEI 03112025|003|5663|$0.01|$0.00|$8,291,320.25|3919|COMPENSACION DESFASE SPEI, RASTREO :, 8846APR1202510314609818781
1254353649|03/11/2025|03/11/2025||SPEI 03112025|003|5663|$0.01|$0.00|$8,291,320.26|3920|COMPENSACION DESFASE SPEI, RASTREO :, 8846APR1202510314609894883
1254353649|03/11/2025|03/11/2025|0031125|COMPRA ORDEN DE PAGO SPEI|511|8846|$0.00|$320.00|$8,291,000.26|3921|=REFERENCIA  CTA/CLABE: 058580136282300184, BEM SPEI, BCO:058 BENEF:LUSOL LOGISTICA SA DE C (DATO NO VERIFICADO, POR ESTA INSTITUCION), TRANSFERENCIA, CVE RASTREO: 8846APR2202511034619947720 RFC: ECA210203JK6, IVA: 000000000000.00 BANREGIO            HORA LIQ: 12:03:53
1254353649|03/11/2025|03/11/2025|0031125|COMPRA ORDEN DE PAGO SPEI|511|8846|$0.00|$51.20|$8,290,949.06|3922|=REFERENCIA  CTA/CLABE: 058580136282300184, BEM SPEI, BCO:058 BENEF:LUSOL LOGISTICA SA DE C (DATO NO VERIFICADO, POR ESTA INSTITUCION), TRANSFERENCIA, CVE RASTREO: 8846APR1202511034620045339 RFC: ECA210203JK6, IVA: 000000000000.00 BANREGIO            HORA LIQ: 12:23:19
1254353649|03/11/2025|03/11/2025|0000000000|BNET01002511030039350371|003|5663|$135,115.14|$0.00|$8,426,064.20|3923|SPEI RECIBIDO, BCO:0012 BBVA MEXICO         HR LIQ: 13:12:36, DEL CLIENTE OLHMAN EXPORT S DE R L DE CV, DE LA CLABE 012060001138007096   CON RFC OEX170829RV2, CONCEPTO: OLHMAN 5, REFERENCIA: 0031125 CVE RAST: BNET01002511030039350371
1254353649|03/11/2025|03/11/2025|0000000000|058-03/11/2025/03-038TRCD405|003|5663|$480,000.00|$0.00|$8,906,064.20|3924|SPEI RECIBIDO, BCO:0058 BANREGIO            HR LIQ: 13:26:21, DEL CLIENTE EXO TRANSPORT S.A. DE C.V., DE LA CLABE 058580380172000191   CON RFC ETR140924VC7, CONCEPTO: EXO TRANSPORT, REFERENCIA: 0386940 CVE RAST: 058-03/11/2025/03-038TRCD405
1254353649|03/11/2025|03/11/2025|0000000000|058-03/11/2025/03-038TRCE178|003|5663|$375,000.00|$0.00|$9,281,064.20|3925|SPEI RECIBIDO, BCO:0058 BANREGIO            HR LIQ: 13:27:59, DEL CLIENTE EXO TRANSPORT S.A. DE C.V., DE LA CLABE 058580380172000191   CON RFC ETR140924VC7, CONCEPTO: EXO TRANSPORT, REFERENCIA: 0982492 CVE RAST: 058-03/11/2025/03-038TRCE178
1254353649|03/11/2025|03/11/2025|0000000000|058-03/11/2025/03-038TRCE714|003|5663|$192,000.00|$0.00|$9,473,064.20|3926|SPEI RECIBIDO, BCO:0058 BANREGIO            HR LIQ: 13:28:30, DEL CLIENTE EXO TRANSPORT S.A. DE C.V., DE LA CLABE 058580380172000191   CON RFC ETR140924VC7, CONCEPTO: EXO TRANSPORT, REFERENCIA: 0048626 CVE RAST: 058-03/11/2025/03-038TRCE714
1254353649|03/11/2025|03/11/2025|0000000000|058-03/11/2025/03-038TRCF201|003|5663|$266,000.00|$0.00|$9,739,064.20|3927|SPEI RECIBIDO, BCO:0058 BANREGIO            HR LIQ: 13:29:34, DEL CLIENTE EXO TRANSPORT S.A. DE C.V., DE LA CLABE 058580380172000191   CON RFC ETR140924VC7, CONCEPTO: EXO TRANSPORT, REFERENCIA: 0104252 CVE RAST: 058-03/11/2025/03-038TRCF201
1254353649|03/11/2025|03/11/2025|0000000000|058-03/11/2025/03-038TRCF789|003|5663|$200,000.00|$0.00|$9,939,064.20|3928|SPEI RECIBIDO, BCO:0058 BANREGIO            HR LIQ: 13:30:15, DEL CLIENTE EXO TRANSPORT S.A. DE C.V., DE LA CLABE 058580380172000191   CON RFC ETR140924VC7, CONCEPTO: EXO TRANSPORT, REFERENCIA: 0150274 CVE RAST: 058-03/11/2025/03-038TRCF789
1254353649|03/11/2025|03/11/2025|0000251103|TRASPASO|004|3843|$178,350.52|$0.00|$10,117,414.72|3929|DE LA CUENTA: 0329441157, Folio A11078
1254353649|03/11/2025|03/11/2025|0000000001|DEPOSITO DE CUENTA DE TERCEROS|263|8846|$31,050.00|$0.00|$10,148,464.72|3930|DE LA CUENTA 0036006196, PAGO LUSOL LOGISTICA FACT
1254353649|03/11/2025|03/11/2025|0031125|COMPRA ORDEN DE PAGO SPEI|511|8846|$0.00|$600,000.00|$9,548,464.72|3931|=REFERENCIA  CTA/CLABE: 058580000006937500, BEM SPEI, BCO:058 BENEF:TRANS OPERATIVO EXPRES (DATO NO VERIFICADO, POR ESTA INSTITUCION), LUSOL, CVE RASTREO: 8846APR1202511034621254307 RFC: TOE150226PK5, IVA: 000000000000.00 BANREGIO            HORA LIQ: 16:51:34
1254353649|03/11/2025|03/11/2025|0000000000|058-03/11/2025/03-013TRGZ492|003|5663|$406.00|$0.00|$9,548,870.72|3932|SPEI RECIBIDO, BCO:0058 BANREGIO            HR LIQ: 16:55:58, DEL CLIENTE LUSOL LOGISTICA S.A. DE C.V., DE LA CLABE 058580136282300184   CON RFC ECA210203JK6, CONCEPTO: Transferencia, REFERENCIA: 0559323 CVE RAST: 058-03/11/2025/03-013TRGZ492
1254353649|04/11/2025|04/11/2025|0041125|COMPRA ORDEN DE PAGO SPEI|511|8846|$0.00|$7,500.08|$9,541,370.64|3933|=REFERENCIA  CTA/CLABE: 058580000002906577, BEM SPEI, BCO:058 BENEF:TRANS OPERATIVO EXPRES (DATO NO VERIFICADO, POR ESTA INSTITUCION), V84732, CVE RASTREO: 8846APR1202511044623195103 RFC: TOE150226PK5, IVA: 000000000000.00 BANREGIO            HORA LIQ: 10:32:19
1254353649|04/11/2025|04/11/2025|0041125|COMPRA ORDEN DE PAGO SPEI|511|8846|$0.00|$9,000.10|$9,532,370.54|3934|=REFERENCIA  CTA/CLABE: 058580000002906577, BEM SPEI, BCO:058 BENEF:TRANS OPERATIVO EXPRES (DATO NO VERIFICADO, POR ESTA INSTITUCION), V84594, CVE RASTREO: 8846APR2202511044623195107 RFC: TOE150226PK5, IVA: 000000000000.00 BANREGIO            HORA LIQ: 10:32:19
1254353649|04/11/2025|04/11/2025|0041125|COMPRA ORDEN DE PAGO SPEI|511|8846|$0.00|$9,000.09|$9,523,370.45|3935|=REFERENCIA  CTA/CLABE: 058580000002906577, BEM SPEI, BCO:058 BENEF:TRANS OPERATIVO EXPRES (DATO NO VERIFICADO, POR ESTA INSTITUCION), V84584, CVE RASTREO: 8846APR1202511044623195108 RFC: TOE150226PK5, IVA: 000000000000.00 BANREGIO            HORA LIQ: 10:32:19
1254353649|04/11/2025|04/11/2025|0041125|COMPRA ORDEN DE PAGO SPEI|511|8846|$0.00|$9,000.09|$9,514,370.36|3936|=REFERENCIA  CTA/CLABE: 058580000002906577, BEM SPEI, BCO:058 BENEF:TRANS OPERATIVO EXPRES (DATO NO VERIFICADO, POR ESTA INSTITUCION), V84388, CVE RASTREO: 8846APR1202511044623195109 RFC: TOE150226PK5, IVA: 000000000000.00 BANREGIO            HORA LIQ: 10:32:19
1254353649|04/11/2025|04/11/2025|0041125|COMPRA ORDEN DE PAGO SPEI|511|8846|$0.00|$6,000.06|$9,508,370.30|3937|=REFERENCIA  CTA/CLABE: 058580000002906577, BEM SPEI, BCO:058 BENEF:TRANS OPERATIVO EXPRES (DATO NO VERIFICADO, POR ESTA INSTITUCION), V84460, CVE RASTREO: 8846APR2202511044623195110 RFC: TOE150226PK5, IVA: 000000000000.00 BANREGIO            HORA LIQ: 10:32:19
1254353649|04/11/2025|04/11/2025|0041125|COMPRA ORDEN DE PAGO SPEI|511|8846|$0.00|$9,000.09|$9,499,370.21|3938|=REFERENCIA  CTA/CLABE: 058580000002906577, BEM SPEI, BCO:058 BENEF:TRANS OPERATIVO EXPRES (DATO NO VERIFICADO, POR ESTA INSTITUCION), V84458, CVE RASTREO: 8846APR1202511044623195113 RFC: TOE150226PK5, IVA: 000000000000.00 BANREGIO            HORA LIQ: 10:32:19
1254353649|04/11/2025|04/11/2025|0000000000|BNET01002511040039572769|003|5663|$60,848.40|$0.00|$9,560,218.61|3939|SPEI RECIBIDO, BCO:0012 BBVA MEXICO         HR LIQ: 10:52:01, DEL CLIENTE TRANSPORTES ARIOS SA  DE CV, DE LA CLABE 012580001945633528   CON RFC TAR910118958, CONCEPTO: PAGO, REFERENCIA: 0041125 CVE RAST: BNET01002511040039572769
1254353649|04/11/2025|04/11/2025|0000000001|DEPOSITO DE CUENTA DE TERCEROS|263|8846|$14,450.00|$0.00|$9,574,668.61|3940|DE LA CUENTA 0036001011, PAGO LUSOL LOGISTICA
1254353649|04/11/2025|04/11/2025|0000000000|BNET01002511040039588249|003|5663|$25,520.00|$0.00|$9,600,188.61|3941|SPEI RECIBIDO, BCO:0012 BBVA MEXICO         HR LIQ: 11:30:09, DEL CLIENTE ANDENES ESPARZA SA D E CV, DE LA CLABE 012580001256490560   CON RFC AES250702IG4, CONCEPTO: Renta montacargas, REFERENCIA: 0411250 CVE RAST: BNET01002511040039588249
1254353649|04/11/2025|04/11/2025|0000000000|058-04/11/2025/04-103TRRL663|003|5663|$104,572.00|$0.00|$9,704,760.61|3942|SPEI RECIBIDO, BCO:0058 BANREGIO            HR LIQ: 11:34:04, DEL CLIENTE WORLD WIDE PARCEL S.A. DE C.V., DE LA CLABE 058580000007338263   CON RFC WWP110811T24, CONCEPTO: SERVICIOS DE LOGISTICA, REFERENCIA: 0041125 CVE RAST: 058-04/11/2025/04-103TRRL663
1254353649|04/11/2025|04/11/2025|0041125|COMPRA ORDEN DE PAGO SPEI|511|8846|$0.00|$38,158.28|$9,666,602.33|3943|=REFERENCIA  CTA/CLABE: 014180655089201314, BEM SPEI, BCO:014 BENEF:GASNG (DATO NO VERIFICADO, POR ESTA INSTITUCION), FC01032878, CVE RASTREO: 8846APR1202511044623512617 RFC: ECA210203JK6, IVA: 000000000000.00 SANTANDER           HORA LIQ: 11:59:39
1254353649|04/11/2025|04/11/2025|0000000000|BNET01002511040039618070|003|5663|$52,548.00|$0.00|$9,719,150.33|3944|SPEI RECIBIDO, BCO:0012 BBVA MEXICO         HR LIQ: 12:36:47, DEL CLIENTE TSL DEL NORTE SA DE  CV, DE LA CLABE 012580001110411698   CON RFC TNO170707V33, CONCEPTO: PAGO FACT 10236, REFERENCIA: 0041125 CVE RAST: BNET01002511040039618070
1254353649|04/11/2025|04/11/2025|0000000000|BNET01002511040039618865|003|5663|$63,684.00|$0.00|$9,782,834.33|3945|SPEI RECIBIDO, BCO:0012 BBVA MEXICO         HR LIQ: 12:38:31, DEL CLIENTE TSL DEL NORTE SA DE  CV, DE LA CLABE 012580001110411698   CON RFC TNO170707V33, CONCEPTO: PAGO FACT 10235, REFERENCIA: 0041125 CVE RAST: BNET01002511040039618865
1254353649|04/11/2025|04/11/2025|0000000000|BNET01002511040039621038|003|5663|$60,552.00|$0.00|$9,843,386.33|3946|SPEI RECIBIDO, BCO:0012 BBVA MEXICO         HR LIQ: 12:42:50, DEL CLIENTE TSL DEL NORTE SA DE  CV, DE LA CLABE 012580001110411698   CON RFC TNO170707V33, CONCEPTO: PAGO FACT 10234, REFERENCIA: 0041125 CVE RAST: BNET01002511040039621038
1254353649|04/11/2025|04/11/2025|0000000000|BNET01002511040039622557|003|5663|$59,856.00|$0.00|$9,903,242.33|3947|SPEI RECIBIDO, BCO:0012 BBVA MEXICO         HR LIQ: 12:46:16, DEL CLIENTE TSL DEL NORTE SA DE  CV, DE LA CLABE 012580001110411698   CON RFC TNO170707V33, CONCEPTO: PAGO FACT 10233, REFERENCIA: 0041125 CVE RAST: BNET01002511040039622557
1254353649|04/11/2025|04/11/2025|0000000000|DEPOSITO CHQ.BANORTE 0001633|080|0132|$796,224.00|$0.00|$10,699,466.33|3948|DEPOSITO DE LA CUENTA : 0402401960
1254353649|04/11/2025|04/11/2025|0000251104|DEPOSITO DE CUENTA DE TERCEROS|263|8846|$83,276.73|$0.00|$10,782,743.06|3949|DE LA CUENTA 1178787283, pf
1254353649|04/11/2025|04/11/2025|0000000000|251104140418501190603291142988|003|5663|$52,403.00|$0.00|$10,835,146.06|3950|SPEI RECIBIDO, BCO:0062 AFIRME              HR LIQ: 14:04:22, DEL CLIENTE OPERADORA FORO  MORELOS SA DE CV, DE LA CLABE 062580001021179998   CON RFC OFM181107GA5, CONCEPTO: LUSOL 0411, REFERENCIA: 0000004 CVE RAST: 251104140418501190603291142988
1254353649|04/11/2025|04/11/2025|0004112025|DEPOSITO DE CUENTA DE TERCEROS|263|7875|$67,927.93|$0.00|$10,903,073.99|3951|DE LA CUENTA 0472044119, PAGO
1254353649|04/11/2025|04/11/2025|0004112025|DEPOSITO DE CUENTA DE TERCEROS|263|7875|$47,027.03|$0.00|$10,950,101.02|3952|DE LA CUENTA 0472044119, PAGO
1254353649|04/11/2025|04/11/2025|0041125|COMPRA ORDEN DE PAGO SPEI|511|8846|$0.00|$425,988.00|$10,524,113.02|3953|=REFERENCIA  CTA/CLABE: 058580145419400152, BEM SPEI, BCO:058 BENEF:COMERCIO INTEGRAL LUTUS SA DE C (DATO NO VERIFICADO, POR ESTA INSTITUCION), TRANSFERENCIA, CVE RASTREO: 8846APR2202511044624288908 RFC: CIL250214793, IVA: 000000000000.00 BANREGIO            HORA LIQ: 15:21:31
1254353649|04/11/2025|04/11/2025|0041125|COMPRA ORDEN DE PAGO SPEI|511|8846|$0.00|$413,069.00|$10,111,044.02|3954|=REFERENCIA  CTA/CLABE: 058580145419400152, BEM SPEI, BCO:058 BENEF:COMERCIO INTEGRAL LUTUS SA DE C (DATO NO VERIFICADO, POR ESTA INSTITUCION), TRANSFERENCIA, CVE RASTREO: 8846APR2202511044624288909 RFC: CIL250214793, IVA: 000000000000.00 BANREGIO            HORA LIQ: 15:21:31
1254353649|04/11/2025|04/11/2025|0000251104|TRASPASO|004|3843|$16,183.00|$0.00|$10,127,227.02|3955|DE LA CUENTA: 1185310698
1254353649|04/11/2025|04/11/2025|0041125|COMPRA ORDEN DE PAGO SPEI|511|8846|$0.00|$422,393.00|$9,704,834.02|3956|=REFERENCIA  CTA/CLABE: 058580045592500118, BEM SPEI, BCO:058 BENEF:MOVE (DATO NO VERIFICADO, POR ESTA INSTITUCION), TRANSFERENCIA, CVE RASTREO: 8846APR1202511044624341685 RFC: ECA210203JK6, IVA: 000000000000.00 BANREGIO            HORA LIQ: 15:36:40
1254353649|04/11/2025|04/11/2025|0041125|COMPRA ORDEN DE PAGO SPEI|511|8846|$0.00|$474,301.00|$9,230,533.02|3957|=REFERENCIA  CTA/CLABE: 058580045592500118, BEM SPEI, BCO:058 BENEF:MOVE (DATO NO VERIFICADO, POR ESTA INSTITUCION), TRANSFERENCIA, CVE RASTREO: 8846APR1202511044624341690 RFC: ECA210203JK6, IVA: 000000000000.00 BANREGIO            HORA LIQ: 15:36:40
1254353649|04/11/2025|05/11/2025|0000001057|CHEQUE SBC 0008138 A 36 HORAS|006|1057|$5,428,295.91|$0.00|$14,658,828.93|3958|DEP. CH.          5,428,295.91, CHEQUE RECIBIDO SBC 36 HORAS POR SERVICIO DE SUCURSAL, BCO :0014 CTA. 0091389700551 NO.CHEQUE 0000008138
1254353649|04/11/2025|04/11/2025|0000411253|DEPOSITO DE CUENTA DE TERCEROS|263|8846|$26,808.89|$0.00|$14,685,637.82|3959|DE LA CUENTA 1075865918, serv de logistica
1254353649|04/11/2025|04/11/2025|0041125|COMPRA ORDEN DE PAGO SPEI|511|8846|$0.00|$890,771.00|$13,794,866.82|3960|=REFERENCIA  CTA/CLABE: 058580000006937500, BEM SPEI, BCO:058 BENEF:TRANS OPERATIVO EXPRES (DATO NO VERIFICADO, POR ESTA INSTITUCION), LUSOL, CVE RASTREO: 8846APR1202511044624457246 RFC: TOE150226PK5, IVA: 000000000000.00 BANREGIO            HORA LIQ: 16:08:29
1254353649|04/11/2025|04/11/2025|0041125|COMPRA ORDEN DE PAGO SPEI|511|8846|$0.00|$776,604.00|$13,018,262.82|3961|=REFERENCIA  CTA/CLABE: 058580000006937500, BEM SPEI, BCO:058 BENEF:TRANS OPERATIVO EXPRES (DATO NO VERIFICADO, POR ESTA INSTITUCION), LUSOL, CVE RASTREO: 8846APR1202511044624457249 RFC: TOE150226PK5, IVA: 000000000000.00 BANREGIO            HORA LIQ: 16:08:29
1254353649|04/11/2025|04/11/2025|0041125|COMPRA ORDEN DE PAGO SPEI|511|8846|$0.00|$832,625.00|$12,185,637.82|3962|=REFERENCIA  CTA/CLABE: 058580000006937500, BEM SPEI, BCO:058 BENEF:TRANS OPERATIVO EXPRES (DATO NO VERIFICADO, POR ESTA INSTITUCION), LUSOL, CVE RASTREO: 8846APR1202511044624457255 RFC: TOE150226PK5, IVA: 000000000000.00 BANREGIO            HORA LIQ: 16:08:29
1254353649|05/11/2025|05/11/2025|0000000000|058-05/11/2025/05-009TSEX257|003|5663|$165,999.99|$0.00|$12,351,637.81|3963|SPEI RECIBIDO, BCO:0058 BANREGIO            HR LIQ: 09:35:20, DEL CLIENTE ORBI LOGISTIC S.A. DE C.V., DE LA CLABE 058580096093300125   CON RFC OLO190306D30, CONCEPTO: facs A11096 A11097 A11098 A11099, REFERENCIA: 0017585 CVE RAST: 058-05/11/2025/05-009TSEX257
1254353649|05/11/2025|05/11/2025|0000000000|DEPOSITO CHQ.BANORTE 0001964|080|0036|$31,871.00|$0.00|$12,383,508.81|3964|DEPOSITO DE LA CUENTA : 0255474834
1254353649|05/11/2025|05/11/2025|0000000000|085902184394330959|003|5663|$41,528.00|$0.00|$12,425,036.81|3965|SPEI RECIBIDO, BCO:0002 BANAMEX             HR LIQ: 10:49:36, DEL CLIENTE AZOMEX ENLACES LOGISTICOS S DE R.L, DE LA CLABE 002580701737951126   CON RFC AEL241120DJ7, CONCEPTO: PAGO A PROVEEDOR, REFERENCIA: 0051125 CVE RAST: 085902184394330959
1254353649|05/11/2025|05/11/2025|0000000000|BNET01002511050039864579|003|5663|$31,000.00|$0.00|$12,456,036.81|3966|SPEI RECIBIDO, BCO:0012 BBVA MEXICO         HR LIQ: 11:47:36, DEL CLIENTE ANDRES BERNAL GARCIA, DE LA CLABE 012580004790737362   CON RFC BEGA750925RP3, CONCEPTO: LUSOL, REFERENCIA: 0511252 CVE RAST: BNET01002511050039864579
1254353649|05/11/2025|05/11/2025|0000000000|058-05/11/2025/05-041TSHI882|003|5663|$94,215.00|$0.00|$12,550,251.81|3967|SPEI RECIBIDO, BCO:0058 BANREGIO            HR LIQ: 11:53:53, DEL CLIENTE WORLDWIDEPARCEL.COM S.A. DE C.V., DE LA CLABE 058580410245800143   CON RFC WOR110921K4A, CONCEPTO: SERVICIOS DE LOGISTICA, REFERENCIA: 0051125 CVE RAST: 058-05/11/2025/05-041TSHI882
1254353649|05/11/2025|05/11/2025|0000000000|2025110540044B36L0000413068209|003|5663|$110,000.00|$0.00|$12,660,251.81|3968|SPEI RECIBIDO, BCO:0044 SCOTIABANK          HR LIQ: 13:08:13, DEL CLIENTE ARREDONDO GARZA RAFAEL, DE LA CLABE 044580145019893678   CON RFC AEGR650603RR9, CONCEPTO: Transferencia a Transportes, REFERENCIA: 0051125 CVE RAST: 2025110540044B36L0000413068209
1254353649|05/11/2025|05/11/2025|0000000000|BNET01002511050039942764|003|5663|$103,571.43|$0.00|$12,763,823.24|3969|SPEI RECIBIDO, BCO:0012 BBVA MEXICO         HR LIQ: 14:43:11, DEL CLIENTE OLHMAN EXPORT S DE R L DE CV, DE LA CLABE 012060001138007096   CON RFC OEX170829RV2, CONCEPTO: OLHMAN, REFERENCIA: 0051125 CVE RAST: BNET01002511050039942764
1254353649|05/11/2025|05/11/2025|0000000000|BNET01002511050039945364|003|5663|$327,361.61|$0.00|$13,091,184.85|3970|SPEI RECIBIDO, BCO:0012 BBVA MEXICO         HR LIQ: 14:49:47, DEL CLIENTE OLHMAN EXPORT S DE R L DE CV, DE LA CLABE 012060001138007096   CON RFC OEX170829RV2, CONCEPTO: OLHMAN 1, REFERENCIA: 0051125 CVE RAST: BNET01002511050039945364
1254353649|05/11/2025|05/11/2025|0051125|COMPRA ORDEN DE PAGO SPEI|511|8846|$0.00|$432,027.00|$12,659,157.85|3971|=REFERENCIA  CTA/CLABE: 062580116910041572, BEM SPEI, BCO:062 BENEF:XENO INSUMOS MEDICOS SA DE C (DATO NO VERIFICADO, POR ESTA INSTITUCION), TRANSFERENCIA, CVE RASTREO: 8846APR2202511054627430576 RFC: XIM201214JC6, IVA: 000000000000.00 AFIRME              HORA LIQ: 15:06:57
1254353649|05/11/2025|05/11/2025|0051125|COMPRA ORDEN DE PAGO SPEI|511|8846|$0.00|$419,885.00|$12,239,272.85|3972|=REFERENCIA  CTA/CLABE: 062580116910041572, BEM SPEI, BCO:062 BENEF:XENO INSUMOS MEDICOS SA DE C (DATO NO VERIFICADO, POR ESTA INSTITUCION), TRANSFERENCIA, CVE RASTREO: 8846APR2202511054627430580 RFC: XIM201214JC6, IVA: 000000000000.00 AFIRME              HORA LIQ: 15:06:57
1254353649|05/11/2025|05/11/2025|0000051125|TRASPASO A CUENTA DE TERCEROS|791|8846|$0.00|$468,930.00|$11,770,342.85|3973|IVA:00000000.00    , A LA CUENTA: 1260392032, TRANSFERENCIA AL R.F.C. XIM201214JC6
1254353649|05/11/2025|05/11/2025|0051125|COMPRA ORDEN DE PAGO SPEI|511|8846|$0.00|$455,154.00|$11,315,188.85|3974|=REFERENCIA  CTA/CLABE: 058580136200800174, BEM SPEI, BCO:058 BENEF:MATERIALES Y PLANOS URBAN52 SA  (DATO NO VERIFICADO, POR ESTA INSTITUCION), TRANSFERENCIA, CVE RASTREO: 8846APR2202511054627496119 RFC: MPU220905P45, IVA: 000000000000.00 BANREGIO            HORA LIQ: 15:25:18
1254353649|05/11/2025|05/11/2025|0051125|COMPRA ORDEN DE PAGO SPEI|511|8846|$0.00|$400,651.00|$10,914,537.85|3975|=REFERENCIA  CTA/CLABE: 058580136200800174, BEM SPEI, BCO:058 BENEF:MATERIALES Y PLANOS URBAN52 SA  (DATO NO VERIFICADO, POR ESTA INSTITUCION), TRANSFERENCIA, CVE RASTREO: 8846APR2202511054627496189 RFC: MPU220905P45, IVA: 000000000000.00 BANREGIO            HORA LIQ: 15:25:18
1254353649|05/11/2025|05/11/2025|0000051125|TRASPASO A CUENTA DE TERCEROS|791|8846|$0.00|$259,089.00|$10,655,448.85|3976|IVA:00000000.00    , A LA CUENTA: 1176898475, TRANSFERENCIA AL R.F.C. AVP2012147M6
1254353649|06/11/2025|06/11/2025|0061125|COMPRA ORDEN DE PAGO SPEI|511|8846|$0.00|$431,208.00|$10,224,240.85|3977|=REFERENCIA  CTA/CLABE: 058580360429800187, BEM SPEI, BCO:058 BENEF:AFB COMERCIO INDUSTRIAL SA DE C (DATO NO VERIFICADO, POR ESTA INSTITUCION), TRANSFERENCIA, CVE RASTREO: 8846APR2202511064629583681 RFC: ACCI220913QI9, IVA: 000000000000.00 BANREGIO            HORA LIQ: 10:54:11
1254353649|06/11/2025|06/11/2025|0000061125|TRASPASO A CUENTA DE TERCEROS|791|8846|$0.00|$264,102.00|$9,960,138.85|3978|IVA:00000000.00    , A LA CUENTA: 1300214384, TRANSFERENCIA AL R.F.C. ACI220913QI9
1254353649|06/11/2025|06/11/2025|0061125|COMPRA ORDEN DE PAGO SPEI|511|8846|$0.00|$351,996.00|$9,608,142.85|3979|=REFERENCIA  CTA/CLABE: 014580655108441406, BEM SPEI, BCO:014 BENEF:DEYMA COMERCIALIZADORA INTEGRAL (DATO NO VERIFICADO, POR ESTA INSTITUCION), TRANSFERENCIA, CVE RASTREO: 8846APR1202511064629675264 RFC: DCI221118NX7, IVA: 000000000000.00 SANTANDER           HORA LIQ: 11:18:42
1254353649|06/11/2025|06/11/2025|0000000000|058-06/11/2025/06-041TSWE416|003|5663|$151,179.00|$0.00|$9,759,321.85|3980|SPEI RECIBIDO, BCO:0058 BANREGIO            HR LIQ: 11:25:38, DEL CLIENTE WORLDWIDEPARCEL.COM S.A. DE C.V., DE LA CLABE 058580410245800143   CON RFC WOR110921K4A, CONCEPTO: SERVICIOS DE LOGISTICA, REFERENCIA: 0061125 CVE RAST: 058-06/11/2025/06-041TSWE416
1254353649|06/11/2025|06/11/2025|0000000000|BNET01002511060040142426|003|5663|$11,349.00|$0.00|$9,770,670.85|3981|SPEI RECIBIDO, BCO:0012 BBVA MEXICO         HR LIQ: 12:04:43, DEL CLIENTE TRANSPORTES TOTE SA  DE CV, DE LA CLABE 012078001189392331   CON RFC TTO1108128H5, CONCEPTO: PAGO FACTURA, REFERENCIA: 0061125 CVE RAST: BNET01002511060040142426
1254353649|06/11/2025|06/11/2025|0000000000|058-06/11/2025/06-044TSYF523|003|5663|$90,132.00|$0.00|$9,860,802.85|3982|SPEI RECIBIDO, BCO:0058 BANREGIO            HR LIQ: 13:04:28, DEL CLIENTE  MAYRA PILAR CADENA LOPEZ, DE LA CLABE 058580448894200111   CON RFC CALM890610R64, CONCEPTO: carga descarga d mercancias 28oct 4nov, REFERENCIA: 0061125 CVE RAST: 058-06/11/2025/06-044TSYF523
1254353649|06/11/2025|06/11/2025|0000000000|BNET01002511060040171551|003|5663|$7,665.20|$0.00|$9,868,468.05|3983|SPEI RECIBIDO, BCO:0012 BBVA MEXICO         HR LIQ: 13:10:05, DEL CLIENTE SOLUCION COMERCIAL H  T MEXICO SA DE CV, DE LA CLABE 012760001995041090   CON RFC SCH141215GV3, CONCEPTO: SOLUCION COMERCIAL HT, REFERENCIA: 0000001 CVE RAST: BNET01002511060040171551
1254353649|06/11/2025|06/11/2025|0000251106|TRASPASO|004|3843|$14,308.37|$0.00|$9,882,776.42|3984|DE LA CUENTA: 1052828026, Carga y desc de mercancias
1254353649|06/11/2025|06/11/2025|0006112025|DEPOSITO DE CUENTA DE TERCEROS|263|7875|$64,975.45|$0.00|$9,947,751.87|3985|DE LA CUENTA 0036014814, pf
1254353649|06/11/2025|06/11/2025|0000000000|20251106400140BET0000456755750|003|5663|$114,324.99|$0.00|$10,062,076.86|3986|SPEI RECIBIDO, BCO:0014 SANTANDER           HR LIQ: 14:36:41, DEL CLIENTE GA-LO LOGISTICA SA DE CV, DE LA CLABE 014580655094134403   CON RFC GLO1501224E9, CONCEPTO: FACT A 11115, REFERENCIA: 5675575 CVE RAST: 20251106400140BET0000456755750
1254353649|06/11/2025|06/11/2025|0000000000|20251106400140BET0000456755620|003|5663|$16,668.25|$0.00|$10,078,745.11|3987|SPEI RECIBIDO, BCO:0014 SANTANDER           HR LIQ: 14:36:41, DEL CLIENTE GA-LO LOGISTICA SA DE CV, DE LA CLABE 014580655094134403   CON RFC GLO1501224E9, CONCEPTO: FACT A 11114, REFERENCIA: 5675562 CVE RAST: 20251106400140BET0000456755620
1254353649|06/11/2025|06/11/2025|0000000000|2025110640044B36K0000071342101|003|5663|$30,000.00|$0.00|$10,108,745.11|3988|SPEI RECIBIDO, BCO:0044 SCOTIABANK          HR LIQ: 15:14:29, DEL CLIENTE MAQUINARIA BARTOX SA DE CV, DE LA CLABE 044826256003636164   CON RFC MBA180920CX3, CONCEPTO: PAGO DE FACTURA, REFERENCIA: 0000611 CVE RAST: 2025110640044B36K0000071342101
1254353649|06/11/2025|06/11/2025|0000061125|TRASPASO A CUENTA DE TERCEROS|791|8846|$0.00|$423,898.00|$9,684,847.11|3989|IVA:00000000.00    , A LA CUENTA: 1290660028, TRANSFERENCIA AL R.F.C. MPC220913B5A
1254353649|06/11/2025|06/11/2025|0061125|COMPRA ORDEN DE PAGO SPEI|511|8846|$0.00|$386,371.00|$9,298,476.11|3990|=REFERENCIA  CTA/CLABE: 058580077537200195, BEM SPEI, BCO:058 BENEF:AXELIA VIGILANCIA Y PROTECCION  (DATO NO VERIFICADO, POR ESTA INSTITUCION), TRANSFERENCIA, CVE RASTREO: 8846APR1202511064630733197 RFC: AVP2012147M6, IVA: 000000000000.00 BANREGIO            HORA LIQ: 15:46:28
1254353649|07/11/2025|07/11/2025|0000000000|BNET01002511070040351593|003|5663|$24,803.19|$0.00|$9,323,279.30|3991|SPEI RECIBIDO, BCO:0012 BBVA MEXICO         HR LIQ: 08:37:01, DEL CLIENTE FLETEXPRESS DE MONTE RREY,SA DE CV, DE LA CLABE 012580004513070617   CON RFC FMO990324II1, CONCEPTO: LUSOL D1126, REFERENCIA: 0071125 CVE RAST: BNET01002511070040351593
1254353649|07/11/2025|07/11/2025|0000251107|TRASPASO|004|3843|$20,251.07|$0.00|$9,343,530.37|3992|DE LA CUENTA: 0521644695, PAGO FACT LUSOL
1254353649|07/11/2025|07/11/2025|0000000000|058-07/11/2025/07-038TTKS978|003|5663|$225,900.00|$0.00|$9,569,430.37|3993|SPEI RECIBIDO, BCO:0058 BANREGIO            HR LIQ: 09:38:53, DEL CLIENTE EXO TRANSPORT S.A. DE C.V., DE LA CLABE 058580380172000191   CON RFC ETR140924VC7, CONCEPTO: EXO TRANSPORT, REFERENCIA: 0835375 CVE RAST: 058-07/11/2025/07-038TTKS978
1254353649|07/11/2025|07/11/2025|0000000000|HSBC376464|003|5663|$60,000.00|$0.00|$9,629,430.37|3994|SPEI RECIBIDO, BCO:0021 HSBC                HR LIQ: 09:48:34, DEL CLIENTE JOSE FRANCISCO  LEAL RODRIGUEZ, DE LA CLABE 021595040643200478   CON RFC LERF8804202N1, CONCEPTO: Servicio, REFERENCIA: 0071125 CVE RAST: HSBC376464
1254353649|07/11/2025|07/11/2025|0071125|COMPRA ORDEN DE PAGO SPEI|511|8846|$0.00|$429,985.00|$9,199,445.37|3995|=REFERENCIA  CTA/CLABE: 058580136256700176, BEM SPEI, BCO:058 BENEF:ALFAREY COMERCIO INTEGRAL SA DE (DATO NO VERIFICADO, POR ESTA INSTITUCION), TRANSFERENCIA, CVE RASTREO: 8846APR2202511074633048218 RFC: ACI220909EQ0, IVA: 000000000000.00 BANREGIO            HORA LIQ: 10:37:08
1254353649|07/11/2025|07/11/2025|0000000000|BNET01002511070040394300|003|5663|$41,760.00|$0.00|$9,241,205.37|3996|SPEI RECIBIDO, BCO:0012 BBVA MEXICO         HR LIQ: 10:41:18, DEL CLIENTE REGIO TRANSPORTES RO SAS SA DE CV, DE LA CLABE 012580001126567280   CON RFC RTR180919LU7, CONCEPTO: 03, REFERENCIA: 0711250 CVE RAST: BNET01002511070040394300
1254353649|07/11/2025|07/11/2025|0000000001|DEPOSITO DE CUENTA DE TERCEROS|263|8846|$36,900.00|$0.00|$9,278,105.37|3997|DE LA CUENTA 0036001011, factura
1254353649|07/11/2025|07/11/2025|0071125|COMPRA ORDEN DE PAGO SPEI|511|8846|$0.00|$401,359.00|$8,876,746.37|3998|=REFERENCIA  CTA/CLABE: 058580208023100141, BEM SPEI, BCO:058 BENEF:KAPAM COMERCIALIZADORA INTEGRAL (DATO NO VERIFICADO, POR ESTA INSTITUCION), TRANSFERENCIA, CVE RASTREO: 8846APR2202511074633196887 RFC: KCI221116AL7, IVA: 000000000000.00 BANREGIO            HORA LIQ: 11:08:55
1254353649|07/11/2025|07/11/2025|0071125|COMPRA ORDEN DE PAGO SPEI|511|8846|$0.00|$419,022.00|$8,457,724.37|3999|=REFERENCIA  CTA/CLABE: 058580208023100141, BEM SPEI, BCO:058 BENEF:KAPAM COMERCIALIZADORA INTEGRAL (DATO NO VERIFICADO, POR ESTA INSTITUCION), TRANSFERENCIA, CVE RASTREO: 8846APR2202511074633196893 RFC: KCI221116AL7, IVA: 000000000000.00 BANREGIO            HORA LIQ: 11:08:55
1254353649|07/11/2025|07/11/2025|0071125|COMPRA ORDEN DE PAGO SPEI|511|8846|$0.00|$378,067.00|$8,079,657.37|4000|=REFERENCIA  CTA/CLABE: 014580655098970278, BEM SPEI, BCO:014 BENEF:KAPAM COMERCIALIZADORA INTEGRAL (DATO NO VERIFICADO, POR ESTA INSTITUCION), TRANSFERENCIA, CVE RASTREO: 8846APR2202511074633196896 RFC: KCI221116AL7, IVA: 000000000000.00 SANTANDER           HORA LIQ: 11:08:55
1254353649|07/11/2025|07/11/2025|0000000000|20251107400140BET0000465835390|003|5663|$62,234.00|$0.00|$8,141,891.37|4001|SPEI RECIBIDO, BCO:0014 SANTANDER           HR LIQ: 11:16:29, DEL CLIENTE TRANSPORTES ESPARZA DE LA GARZA SA DE CV, DE LA CLABE 014580655052942378   CON RFC TEG151104KQ6, CONCEPTO: RENTA DE UNIDAD, REFERENCIA: 6583539 CVE RAST: 20251107400140BET0000465835390
1254353649|07/11/2025|07/11/2025|0000000000|20251107400140BET0000466184880|003|5663|$31,245.76|$0.00|$8,173,137.13|4002|SPEI RECIBIDO, BCO:0014 SANTANDER           HR LIQ: 11:47:38, DEL CLIENTE JUANA ALICIA SANTANA SALAZAR, DE LA CLABE 014700655092804586   CON RFC SASJ800601V15, CONCEPTO: PAGO SERVICIOS LOGISTICOS, REFERENCIA: 6618488 CVE RAST: 20251107400140BET0000466184880
1254353649|07/11/2025|07/11/2025|0071125|COMPRA ORDEN DE PAGO SPEI|511|8846|$0.00|$435,687.00|$7,737,450.13|4003|=REFERENCIA  CTA/CLABE: 058580360430700153, BEM SPEI, BCO:058 BENEF:COMERCIALIZADORA ENDERCO SA DE  (DATO NO VERIFICADO, POR ESTA INSTITUCION), TRANSFERENCIA, CVE RASTREO: 8846APR2202511074633385011 RFC: CEN220909EIA, IVA: 000000000000.00 BANREGIO            HORA LIQ: 11:49:18
1254353649|07/11/2025|07/11/2025|0000000000|DEPOSITO CHQ.BANORTE 0001635|080|0132|$540,096.00|$0.00|$8,277,546.13|4004|DEPOSITO DE LA CUENTA : 0402401960
1254353649|07/11/2025|07/11/2025|0000000000|DEPOSITO CHQ.BANORTE 0000665|080|0132|$449,616.00|$0.00|$8,727,162.13|4005|DEPOSITO DE LA CUENTA : 0894227523
1254353649|07/11/2025|07/11/2025|0007112025|DEPOSITO DE CUENTA DE TERCEROS|263|7875|$100,000.00|$0.00|$8,827,162.13|4006|DE LA CUENTA 0601050013, LOGISTICA
1254353649|07/11/2025|07/11/2025|0071125|COMPRA ORDEN DE PAGO SPEI|511|8846|$0.00|$2,550.00|$8,824,612.13|4007|=REFERENCIA  CTA/CLABE: 012580015123858454, BEM SPEI, BCO:012 BENEF:YULIANA LIZETH RUEDA CARRIZALE (DATO NO VERIFICADO, POR ESTA INSTITUCION), TRANSFERENCIA, CVE RASTREO: 8846APR2202511074633927851 RFC: ECA210203JK6, IVA: 000000000000.00 BBVA MEXICO         HORA LIQ: 13:30:38
1254353649|07/11/2025|07/11/2025|0000000000|085904408974331153|003|5663|$111,100.00|$0.00|$8,935,712.13|4008|SPEI RECIBIDO, BCO:0002 BANAMEX             HR LIQ: 13:58:23, DEL CLIENTE DISTRIBUIDORA VANGUARDIA Y TENDENC, DE LA CLABE 002580701085264141   CON RFC DVT130205U56, CONCEPTO: F 11142 LOGISTICA Y MANIOBRAS TERRESTRES, REFERENCIA: 0110725 CVE RAST: 085904408974331153
1254353649|07/11/2025|07/11/2025|0007112025|DEPOSITO DE CUENTA DE TERCEROS|263|7875|$5,242.00|$0.00|$8,940,954.13|4009|DE LA CUENTA 1209987352, PAGO DE FAC
1254353649|07/11/2025|07/11/2025|0000000000|BNET01002511070040536763|003|5663|$87,674.20|$0.00|$9,028,628.33|4010|SPEI RECIBIDO, BCO:0012 BBVA MEXICO         HR LIQ: 14:18:58, DEL CLIENTE OLHMAN EXPORT S DE R L DE CV, DE LA CLABE 012060001138007096   CON RFC OEX170829RV2, CONCEPTO: OLHMAN, REFERENCIA: 0071125 CVE RAST: BNET01002511070040536763
1254353649|07/11/2025|07/11/2025|0000251107|TRASPASO|004|3843|$31,121.00|$0.00|$9,059,749.33|4011|DE LA CUENTA: 0564853029, Factura
1254353649|07/11/2025|07/11/2025|0007112025|DEPOSITO DE CUENTA DE TERCEROS|263|7875|$71,780.28|$0.00|$9,131,529.61|4012|DE LA CUENTA 0811367985, PAGO FACTURA
1254353649|07/11/2025|07/11/2025|0007112025|DEPOSITO DE CUENTA DE TERCEROS|263|7875|$21,960.30|$0.00|$9,153,489.91|4013|DE LA CUENTA 0208720872, PAGO FACTURA
1254353649|07/11/2025|07/11/2025|0000000000|BNET01002511070040564267|003|5663|$36,923.43|$0.00|$9,190,413.34|4014|SPEI RECIBIDO, BCO:0012 BBVA MEXICO         HR LIQ: 15:03:01, DEL CLIENTE DISTRIBUIDORA VANGUA RDIA Y TENDENCIA TE, DE LA CLABE 012580001186122856   CON RFC DVT130205U56, CONCEPTO: F11137 LOGISTICA MANIOBRAS TERRESTRES, REFERENCIA: 0110725 CVE RAST: BNET01002511070040564267
1254353649|07/11/2025|07/11/2025|0000251107|TRASPASO|004|3843|$13,392.69|$0.00|$9,203,806.03|4015|DE LA CUENTA: 0592621034, Pago factura
1254353649|07/11/2025|07/11/2025|0000000001|DEPOSITO DE CUENTA DE TERCEROS|263|8846|$31,121.00|$0.00|$9,234,927.03|4016|DE LA CUENTA 0036001011, PAGO LUSOL LOGISTICA FACT
1254353649|07/11/2025|07/11/2025|0000000000|058-07/11/2025/07-104TTVG583|003|5663|$120,000.00|$0.00|$9,354,927.03|4017|SPEI RECIBIDO, BCO:0058 BANREGIO            HR LIQ: 15:31:17, DEL CLIENTE SRC TRUCKING  S.A. DE C.V., DE LA CLABE 058580000149377836   CON RFC STR2301187C4, CONCEPTO: Transferencia de SRC TRUCKING f a10310, REFERENCIA: 0501257 CVE RAST: 058-07/11/2025/07-104TTVG583
1254353649|07/11/2025|07/11/2025|0000000000|2025110740014BMOVP000407734280|003|5663|$30,351.01|$0.00|$9,385,278.04|4018|SPEI RECIBIDO, BCO:0014 SANTANDER           HR LIQ: 15:32:36, DEL CLIENTE JOSE VALDEMAR RODRIGUEZ GUAJARDO, DE LA CLABE 014580606261974416   CON RFC ROGV890906DC7, CONCEPTO: TRANSFERENCIA A LUSOL LOGISTICA, REFERENCIA: 0907334 CVE RAST: 2025110740014BMOVP000407734280
1254353649|07/11/2025|07/11/2025|0000000000|058-07/11/2025/07-003TTVV873|003|5663|$57,199.60|$0.00|$9,442,477.64|4019|SPEI RECIBIDO, BCO:0058 BANREGIO            HR LIQ: 15:45:30, DEL CLIENTE PRAECINCTUS S.A.P.I. DE C.V., DE LA CLABE 058580030885900142   CON RFC PRA170105421, CONCEPTO: pago factura A11147, REFERENCIA: 0626442 CVE RAST: 058-07/11/2025/07-003TTVV873
1254353649|07/11/2025|07/11/2025|0000000000|058-07/11/2025/07-003TTVW933|003|5663|$52,084.00|$0.00|$9,494,561.64|4020|SPEI RECIBIDO, BCO:0058 BANREGIO            HR LIQ: 15:45:30, DEL CLIENTE PRAECINCTUS S.A.P.I. DE C.V., DE LA CLABE 058580030885900142   CON RFC PRA170105421, CONCEPTO: Pago de factura A11146, REFERENCIA: 0709613 CVE RAST: 058-07/11/2025/07-003TTVW933
1254353649|07/11/2025|07/11/2025|0071125|COMPRA ORDEN DE PAGO SPEI|511|8846|$0.00|$365,774.00|$9,128,787.64|4021|=REFERENCIA  CTA/CLABE: 058580480175100134, BEM SPEI, BCO:058 BENEF:VIGANT CONSTRUCCIONES Y DESARRO (DATO NO VERIFICADO, POR ESTA INSTITUCION), TRANSFERENCIA, CVE RASTREO: 8846APR1202511074634666111 RFC: VCD221129JZ4, IVA: 000000000000.00 BANREGIO            HORA LIQ: 15:47:56
1254353649|07/11/2025|07/11/2025|0071125|COMPRA ORDEN DE PAGO SPEI|511|8846|$0.00|$365,774.00|$8,763,013.64|4022|=REFERENCIA  CTA/CLABE: 058580480175100134, BEM SPEI, BCO:058 BENEF:VIGANT CONSTRUCCIONES Y DESARRO (DATO NO VERIFICADO, POR ESTA INSTITUCION), TRANSFERENCIA, CVE RASTREO: 8846APR1202511074634677978 RFC: VCD221129JZ4, IVA: 000000000000.00 BANREGIO            HORA LIQ: 15:50:08
1254353649|07/11/2025|07/11/2025|0000071125|DEPOSITO DE CUENTA DE TERCEROS|263|8846|$30,044.00|$0.00|$8,793,057.64|4023|DE LA CUENTA 0851434968, ODC 6967
1254353649|07/11/2025|07/11/2025|0000071125|DEPOSITO DE CUENTA DE TERCEROS|263|8846|$38,280.00|$0.00|$8,831,337.64|4024|DE LA CUENTA 1269649319, FACT A11082
1254353649|10/11/2025|10/11/2025|0101125|COMPRA ORDEN DE PAGO SPEI|511|8846|$0.00|$433,414.00|$8,397,923.64|4025|=REFERENCIA  CTA/CLABE: 062580001691167178, BEM SPEI, BCO:062 BENEF:COMERCIALIZADORA BOGANT SA DE C (DATO NO VERIFICADO, POR ESTA INSTITUCION), TRANSFERENCIA, CVE RASTREO: 8846APR2202511104642054452 RFC: CBO220906496, IVA: 000000000000.00 AFIRME              HORA LIQ: 09:52:31
1254353649|10/11/2025|10/11/2025|0101125|COMPRA ORDEN DE PAGO SPEI|511|8846|$0.00|$445,569.00|$7,952,354.64|4026|=REFERENCIA  CTA/CLABE: 058580217148200179, BEM SPEI, BCO:058 BENEF:COMERCIO Y MAS SAGGE SA DE C (DATO NO VERIFICADO, POR ESTA INSTITUCION), TRANSFERENCIA, CVE RASTREO: 8846APR2202511104642082221 RFC: CMS220909NQ4, IVA: 000000000000.00 BANREGIO            HORA LIQ: 10:01:32
1254353649|10/11/2025|10/11/2025|0101125|COMPRA ORDEN DE PAGO SPEI|511|8846|$0.00|$26,079.70|$7,926,274.94|4027|=REFERENCIA  CTA/CLABE: 014180655089201314, BEM SPEI, BCO:014 BENEF:GASNG (DATO NO VERIFICADO, POR ESTA INSTITUCION), FC01032878, CVE RASTREO: 8846APR2202511104642326780 RFC: ECA210203JK6, IVA: 000000000000.00 SANTANDER           HORA LIQ: 11:13:13
1254353649|10/11/2025|10/11/2025|0000251110|TRASPASO|004|3843|$12,268.04|$0.00|$7,938,542.98|4028|DE LA CUENTA: 1330762640, Renta de Equipo de Transporte
1254353649|10/11/2025|10/11/2025|0000000000|085903467604331456|003|5663|$449,500.00|$0.00|$8,388,042.98|4029|SPEI RECIBIDO, BCO:0002 BANAMEX             HR LIQ: 12:27:00, DEL CLIENTE GRUPO ADUANERO DEL BRAVO SA DE CV, DE LA CLABE 002821000776653230   CON RFC GAB040521MK3, CONCEPTO: LUSOL 449500, REFERENCIA: 0009999 CVE RAST: 085903467604331456
1254353649|10/11/2025|10/11/2025|0101125|COMPRA ORDEN DE PAGO SPEI|511|8846|$0.00|$352,664.00|$8,035,378.98|4030|=REFERENCIA  CTA/CLABE: 058580360430700153, BEM SPEI, BCO:058 BENEF:COMERCIALIZADORA ENDERCO SA DE  (DATO NO VERIFICADO, POR ESTA INSTITUCION), TRANSFERENCIA, CVE RASTREO: 8846APR1202511104642782940 RFC: CEN220909EIA, IVA: 000000000000.00 BANREGIO            HORA LIQ: 13:10:00
1254353649|10/11/2025|10/11/2025|0101125|COMPRA ORDEN DE PAGO SPEI|511|8846|$0.00|$7,500.08|$8,027,878.90|4031|=REFERENCIA  CTA/CLABE: 058580000002906577, BEM SPEI, BCO:058 BENEF:TRANS OPERATIVO EXPRES (DATO NO VERIFICADO, POR ESTA INSTITUCION), V84986, CVE RASTREO: 8846APR1202511104642793935 RFC: TOE150226PK5, IVA: 000000000000.00 BANREGIO            HORA LIQ: 13:12:43
1254353649|10/11/2025|10/11/2025|0000000000|BNET01002511100041100491|003|5663|$55,076.28|$0.00|$8,082,955.18|4032|SPEI RECIBIDO, BCO:0012 BBVA MEXICO         HR LIQ: 13:57:32, DEL CLIENTE CONFIEXPRESS SA DE C V, DE LA CLABE 012580001077884957   CON RFC CON160720MJA, CONCEPTO: PAGO FACT CONFIEXPRESS, REFERENCIA: 0101125 CVE RAST: BNET01002511100041100491
1254353649|10/11/2025|10/11/2025|0000000000|058-10/11/2025/10-038TVJF981|003|5663|$108,402.00|$0.00|$8,191,357.18|4033|SPEI RECIBIDO, BCO:0058 BANREGIO            HR LIQ: 14:32:05, DEL CLIENTE EXO TRANSPORT S.A. DE C.V., DE LA CLABE 058580380172000191   CON RFC ETR140924VC7, CONCEPTO: EXO TRANSPORT FACTURA A9994, REFERENCIA: 0636077 CVE RAST: 058-10/11/2025/10-038TVJF981
1254353649|10/11/2025|10/11/2025|0000000000|058-10/11/2025/10-038TVJJ211|003|5663|$14,732.00|$0.00|$8,206,089.18|4034|SPEI RECIBIDO, BCO:0058 BANREGIO            HR LIQ: 14:37:24, DEL CLIENTE EXO TRANSPORT S.A. DE C.V., DE LA CLABE 058580380172000191   CON RFC ETR140924VC7, CONCEPTO: LUSOL FACTURA A10506, REFERENCIA: 0735807 CVE RAST: 058-10/11/2025/10-038TVJJ211
1254353649|10/11/2025|10/11/2025|0101125|COMPRA ORDEN DE PAGO SPEI|511|8846|$0.00|$326,588.00|$7,879,501.18|4035|=REFERENCIA  CTA/CLABE: 058580360429800187, BEM SPEI, BCO:058 BENEF:AFB COMERCIO INDUSTRIAL SA DE C (DATO NO VERIFICADO, POR ESTA INSTITUCION), TRANSFERENCIA, CVE RASTREO: 8846APR1202511104643141856 RFC: ACCI220913QI9, IVA: 000000000000.00 BANREGIO            HORA LIQ: 14:38:19
1254353649|10/11/2025|10/11/2025|0000000000|058-10/11/2025/10-038TVJK233|003|5663|$77,430.00|$0.00|$7,956,931.18|4036|SPEI RECIBIDO, BCO:0058 BANREGIO            HR LIQ: 14:39:21, DEL CLIENTE EXO TRANSPORT S.A. DE C.V., DE LA CLABE 058580380172000191   CON RFC ETR140924VC7, CONCEPTO: LUSOL FACTURA A9547, REFERENCIA: 0055306 CVE RAST: 058-10/11/2025/10-038TVJK233
1254353649|10/11/2025|10/11/2025|0000000000|BNET01002511100041128993|003|5663|$41,459.69|$0.00|$7,998,390.87|4037|SPEI RECIBIDO, BCO:0012 BBVA MEXICO         HR LIQ: 15:03:35, DEL CLIENTE RUEDAS Y BIRLOS AR S A DE CV, DE LA CLABE 012580001208972803   CON RFC RBA2305312N7, CONCEPTO: Fav11160, REFERENCIA: 1011250 CVE RAST: BNET01002511100041128993
1254353649|10/11/2025|10/11/2025|0000000001|DEPOSITO DE CUENTA DE TERCEROS|263|8846|$33,200.00|$0.00|$8,031,590.87|4038|DE LA CUENTA 0036001011, factura
1254353649|10/11/2025|10/11/2025|0000000000|251110221047896BESXE69785|003|5663|$871,740.00|$0.00|$8,903,330.87|4039|SPEI RECIBIDO, BCO:0659 ASP INTEGRA OPC     HR LIQ: 16:12:53, DEL CLIENTE RAGNAR DEL NORTE SA DE CV ASP, DE LA CLABE 659803371000000002   CON RFC ND, CONCEPTO: PAGO FACTURA A10290, REFERENCIA: 2547283 CVE RAST: 251110221047896BESXE69785
1254353649|10/11/2025|10/11/2025|0000000000|BNET01002511100041166455|003|5663|$51,504.00|$0.00|$8,954,834.87|4040|SPEI RECIBIDO, BCO:0012 BBVA MEXICO         HR LIQ: 16:30:00, DEL CLIENTE TSL DEL NORTE SA DE  CV, DE LA CLABE 012580001110411698   CON RFC TNO170707V33, CONCEPTO: PAGO FACT 10977, REFERENCIA: 0101125 CVE RAST: BNET01002511100041166455
1254353649|10/11/2025|10/11/2025|0000000000|BNET01002511100041176034|003|5663|$40,000.00|$0.00|$8,994,834.87|4041|SPEI RECIBIDO, BCO:0012 BBVA MEXICO         HR LIQ: 16:50:34, DEL CLIENTE JESUS ANTONIO GONZALEZ ARAUX, DE LA CLABE 012743004746903547   CON RFC GOAJ9907244Y0, CONCEPTO: Pago Seg, REFERENCIA: 1011250 CVE RAST: BNET01002511100041176034
1254353649|10/11/2025|10/11/2025|0000000000|MBAN01002511100082869847|003|5663|$58,000.00|$0.00|$9,052,834.87|4042|SPEI RECIBIDO, BCO:0012 BBVA MEXICO         HR LIQ: 16:58:47, DEL CLIENTE SERGIO ISMAEL GARCIA ALMAGUER, DE LA CLABE 012580004842375368   CON RFC GAAS931210FL2, CONCEPTO: Logistica, REFERENCIA: 3010250 CVE RAST: MBAN01002511100082869847
1254353649|10/11/2025|10/11/2025|0000000000|BNET01002511100041186643|003|5663|$54,056.00|$0.00|$9,106,890.87|4043|SPEI RECIBIDO, BCO:0012 BBVA MEXICO         HR LIQ: 17:14:00, DEL CLIENTE TSL DEL NORTE SA DE  CV, DE LA CLABE 012580001110411698   CON RFC TNO170707V33, CONCEPTO: PAGO FACT 10979, REFERENCIA: 0101125 CVE RAST: BNET01002511100041186643
1254353649|10/11/2025|10/11/2025|0000000000|BNET01002511100041187678|003|5663|$58,000.00|$0.00|$9,164,890.87|4044|SPEI RECIBIDO, BCO:0012 BBVA MEXICO         HR LIQ: 17:16:10, DEL CLIENTE TSL DEL NORTE SA DE  CV, DE LA CLABE 012580001110411698   CON RFC TNO170707V33, CONCEPTO: PAGO FACT 10981, REFERENCIA: 0101125 CVE RAST: BNET01002511100041187678
1254353649|10/11/2025|10/11/2025|0000000000|BNET01002511100041188567|003|5663|$66,932.00|$0.00|$9,231,822.87|4045|SPEI RECIBIDO, BCO:0012 BBVA MEXICO         HR LIQ: 17:18:10, DEL CLIENTE TSL DEL NORTE SA DE  CV, DE LA CLABE 012580001110411698   CON RFC TNO170707V33, CONCEPTO: PAGO FACT 10983, REFERENCIA: 0101125 CVE RAST: BNET01002511100041188567
1254353649|11/11/2025|11/11/2025|0111125|COMPRA ORDEN DE PAGO SPEI|511|8846|$0.00|$58,000.00|$9,173,822.87|4046|=REFERENCIA  CTA/CLABE: 012580004842375368, BEM SPEI, BCO:012 BENEF:SERGIO ISMAEL GARCIA ALMAGUE (DATO NO VERIFICADO, POR ESTA INSTITUCION), ERROR CONTABLE, CVE RASTREO: 8846APR2202511114645433026 RFC: ECA210203JK6, IVA: 000000000000.00 BBVA MEXICO         HORA LIQ: 10:42:55